@inproceedings{lr,
  title={Cyclical learning rates for training neural networks},
  author={Smith, Leslie N},
  booktitle={2017 IEEE winter conference on applications of computer vision (WACV)},
  pages={464--472},
  year={2017},
  organization={IEEE}
}

@misc{restormer,
      title={Restormer: Efficient Transformer for High-Resolution Image Restoration}, 
      author={Syed Waqas Zamir and Aditya Arora and Salman Khan and Munawar Hayat and Fahad Shahbaz Khan and Ming-Hsuan Yang},
      year={2022},
      eprint={2111.09881},
      archivePrefix={arXiv},
      primaryClass={cs.CV}
}
